<record><leader>00000cas a22000007a 4500</leader><controlfield tag="001">9353005</controlfield><controlfield tag="008">830328d18461846maudn ne      0    0eng d</controlfield><controlfield tag="009">3768</controlfield><datafield ind1=" " ind2=" " tag="010"><subfield code="a">sn 83020463 </subfield></datafield><datafield ind1=" " ind2=" " tag="040"><subfield code="a">NPX</subfield><subfield code="b">eng</subfield><subfield code="c">NPX</subfield><subfield code="d">MGN</subfield></datafield><datafield ind1=" " ind2=" " tag="042"><subfield code="a">msc</subfield></datafield><datafield ind1=" " ind2=" " tag="043"><subfield code="a">n-us-ma</subfield></datafield><datafield ind1="0" ind2=" " tag="130"><subfield code="a">Daily courier (Newburyport, Mass.)</subfield></datafield><datafield ind1="0" ind2="4" tag="245"><subfield code="a">The daily courier.</subfield></datafield><datafield ind1="1" ind2="3" tag="246"><subfield code="a">Newburyport courier</subfield></datafield><datafield ind1=" " ind2=" " tag="260"><subfield code="a">Newburyport [Mass.] :</subfield><subfield code="b">Abel Whitton &amp; Enoch Hale, Jr.,</subfield><subfield code="c">1846.</subfield></datafield><datafield ind1=" " ind2=" " tag="300"><subfield code="a">v. ;</subfield><subfield code="c">50 cm.</subfield></datafield><datafield ind1=" " ind2=" " tag="310"><subfield code="a">Daily (except Sun.)</subfield></datafield><datafield ind1="0" ind2=" " tag="362"><subfield code="a">Vol. 1, no. 1 (May 2, 1846)-v. 1, no. 75 (Aug. 1, 1846).</subfield></datafield><datafield ind1=" " ind2=" " tag="580"><subfield code="a">Semiweekly ed.: Newburyport courier.</subfield></datafield><datafield ind1=" " ind2=" " tag="752"><subfield code="a">United States</subfield><subfield code="b">Massachusetts</subfield><subfield code="c">Essex</subfield><subfield code="d">Newburyport.</subfield></datafield><datafield ind1="1" ind2=" " tag="775"><subfield code="t">Newburyport courier</subfield><subfield code="w">(DLC)sn 83020464</subfield></datafield></record>